<?xml version="1.0" encoding="UTF-8"?><collection xmlns="http://www.loc.gov/MARC21/slim"><record><leader>00512nam--2200181-u-4500</leader><controlfield tag="001">000052348</controlfield><controlfield tag="002">20161230</controlfield><controlfield tag="005">20161230201050</controlfield><controlfield tag="008">100623s1000------------r-----000-0-rum-d</controlfield><datafield ind1=" " ind2=" " tag="040"><subfield code="a">IFIN-HH</subfield></datafield><datafield ind1=" " ind2=" " tag="041"><subfield code="a">rum</subfield></datafield><datafield ind1="1" ind2=" " tag="100"><subfield code="a">Perelman, Ia.I</subfield></datafield><datafield ind1="1" ind2="0" tag="245"><subfield code="a">Mecanica distractiva</subfield><subfield code="c">Ia.I. Perelman</subfield></datafield><datafield ind1=" " ind2=" " tag="260"><subfield code="a">Moskva</subfield><subfield code="b">Editura de stat pentru literatura tehnico-teoretica</subfield><subfield code="c">1951</subfield></datafield><datafield ind1=" " ind2=" " tag="300"><subfield code="a">130 p</subfield></datafield><datafield ind1=" " ind2=" " tag="500"><subfield code="a">Tit. original in lb. rusa: Zanimatelniia mehanika</subfield></datafield><datafield ind1=" " ind2=" " tag="852"><subfield code="a">26141</subfield><subfield code="c">531</subfield></datafield><datafield ind1=" " ind2=" " tag="CAT"><subfield code="a">Sys</subfield><subfield code="c">20100623</subfield><subfield code="h">104130</subfield></datafield></record></collection>